@article{dipole,
	author = {Rudolf Grimm, Matthias Weidemüller and Yurii B. Ovchinnikov},
	title = {Optical dipole traps for neutral atoms},
	year = {1999},}
@article{magic01,
	author = {M. S. Safronova, U. I. Safronova, and Charles W. Clark},
	title = {Magic wavelengths for optical cooling and trapping of lithium},
	year = {2012},}
	