@article{dipole,
	author = {R. Grimm and M. Weidemueller and Yurii B. Ovchinnikov},
	title = {Optical dipole traps for neutral atoms},
	year = {1999},}
@article{magic01,
	author = {M. S. Safronova and U. I. Safronova and Charles W. Clark},
	title = {Magic wavelengths for optical cooling and trapping of lithium},
	year = {2012},}
@article{gehm,
	author = {Michael E. Gehm},
	title = {Properties of Lithium-6},
	year = {2003},}
@article{feynman,
	author = {Richard Feynman},
	title = {Simulating physics with computers},
	journal = {International Journal of Theoretical Pysics},
	volume = {21},
	year = {1982},}
@article{alpha,
	author = {W. R. Johnson},
	title = {Scalar and Tensor Polarizabilities of Atoms},
	year = {2009},}	
@phdthesis{timo,
	author = {T. B. Ottenstein},
	title = {Few-body physics in ultracold Fermi gases},
	school = {Universität Heidelberg},
	year = {2010},}
@article{schmiedmayer,
	author = {R. Bücker and A. Perrin and S. Manz and T. Betz and Ch. Koller and T. Plisson and J. Rottmann and T. Schumm and J. Schmiedmayer},
	title = {Single-particle-sensitive imaging of freely propagating ultracold atoms},
	journal = {New Journal of Physics},
	volume = {11},
	year = {2009},}
@article{bloch,
	author = {I. Bloch and J. Dalibard and S. Nascimbene},
	title = {Quantum simulations with ultracold quantum gases},
	journal = {Nature Physics},
	volume = {8},
	year = {2012},}
@article{andersen,
	author = {A. J. Hillard and Y. H. Fung and P. Sompet and A. V. Carpentier and M. F. Andersen},
	title = {In-trap fluorescence detection of atoms in a microscopic dipole trap},
	year = {2015},}
@article{preparation,
	author = {F. Serwane and G. Zürn and T. Lompe and T. B. Ottenstein and A.N. Wenz and S. Jochim},
	title = {Deterministic Preperation of a Tunable Few-Fermion System},
	journal = {Science},
	volume = {332},
	year = {2011},}
@article{cuprates,
	author = {P. W. Anderson},
	title = {The resonating valence bond state in La2CuO4 and superconductivity},
	journal = {Science},
	volume = {235},
	year = {1987},}
@article{sisyphus,
	author = {P. Hamilton and G. Kim and T. Joshi and B. Mukherjee and D. Tiarks and H. Müller},
	title = {Sisyphus Cooling of Lithium},
	journal = {Physical Review A},
	volume = {89},
	year = {2014},}
@article{bloch2,
	author = {Jacob F. Sherson and Christof Weitenberg and Manuel Enders and Marc Cheneau and Immanuel Bloch and Stefan Kuhr},
	title = {Single-atom-resolved fluoriscence imaging of an atomic Mott insulator},
	journal = {Nature},
	volume = {467},
	year = {2010},}
@article{greiner3,
	author = {P. M. Preiss and R. Ma and E. Tai and J. Simon and Markus Greiner},
	title = {A quatum gas microscope for detecting single atoms in a Hubbard-regime optical lattice},
	journal = {Nature},
	volume = {462},
	year = {2009},}
@article{greiner2,
	author = {W. S. Bakr and J. I. Gillen and A. Peng and S. Fölling and M. Greiner},
	title = {A quatum gas microscope for detecting single atoms in a Hubbard-regime optical lattice},
	journal = {Nature},
	volume = {462},
	year = {2009},}
@article{kuhr,
	author = {E. Haller and J. Hudson and A. Kelly and D. A. Cotta and Bruno Peaudecerf; Graham D. Bruce; Stefan Kuhr},
	title = {Single-atom imaging of fermions in a quantum -gas microscope},
	year = {2015},}
@phdthesis{greiner,
	author = {M. Greiner},
	title = {Ultracold quantum gases in three-dimensional optical lattice potentials},
	school = {Ludwig-Maximilians-Universität München},
	year = {2003},}
@article{ketterle,
	author = {W. Ketterle and D.S. Durfee and D.M. Stamper-Kurn},
	title = {Making, probing and understanding Bose-Einstein condensates},
	year = {1999},}	
@article{ketterle2,
	author = {W. Ketterle and M. W. Zwierlein},
	title = {Making, probing and understanding ultracold Fermi gases},
	year = {2008},}	
@book{wigner,
	author = {W. R. Johnson},
	title = {Lectures on Atomic Physics},
	year = {2006},}
@book{demtroder,
	author = {W. Demtröder},
	title = {Experimentalphysik 3},
	Edition = {4},
	year = {2010},}
@book{metcalf,
	author = {H. J. Metcalf and Peter Van der Straten},
	title = {Laser cooling and trapping},
	year = {1999},}
@article{doublewell,
	author = {S. Murmann and A. Bergschneider and V. M. Klinkhammer and G. Zürn and Selim Jochim},
	journal = {Physical Review Letters},
	Volume = {144},
	title = {Two Fermions in a double well: Exploring a fundamental building block of the Hubbard model},
	year = {2015},}
@article{rabi,
	author = {B.E. King},
	title = {Angular Momentum Coupling and Rabi Frequencies for Simple Atomic Transitions},
	year = {2008},}
@phdthesis{friedhelm,
	author = {F. Serwane},
	title = {Deterministic preparation of a tunable few-fermion system},
	school = {Universität Heidelberg},
	year = {2011},}
@phdthesis{lompe,
	author = {Thomas Lompe},
	title = {Efimov Physics in a three-component Fermi gas},
	school = {Universität Heidelberg},
	year = {2011},}
@ONLINE{factor,
	author = {T. Pudlik},
	time = {15:27},
	day = {8},
	month = {5},
	year = {2015},
	url = {http://physics.stackexchange.com/questions/38343/why-is-there-a-factor-of-1-2-in-the-interaction-energy-of-an-induced-dipole-with},
}
@ONLINE{transitions,
	author = {Universität Freiburg},
	time = {13:49},
	day = {11},
	month = {5},
	year = {2015},
	url = {http://ruby.chemie.uni-freiburg.de/Vorlesung/SVG/Methoden_ac/li_spektrum_svg.svg},
}
@Misc{NIST_ASD,
author = {A.~Kramida and {Yu.~Ralchenko} and 
J.~Reader and {and NIST ASD Team}},
HOWPUBLISHED = {{NIST Atomic Spectra Database 
(ver. 5.2), [Online]. Available:
{\tt{http://physics.nist.gov/asd}} [2015, May 11]. 
National Institute of Standards and Technology, 
Gaithersburg, MD.}},
year = {2014},
}
@book{cohen,
	author = {Claude Cohen-Tannoudji, Jacques Dupont-Roc, Gilbert Grynberg},
	title = {Atom-Photon Interactions},
	year = {1998},}
	
