@article{dipole,
	author = {Rudolf Grimm, Matthias Weidemueller and Yurii B. Ovchinnikov},
	title = {Optical dipole traps for neutral atoms},
	year = {1999},}
@article{magic01,
	author = {M. S. Safronova, U. I. Safronova, and Charles W. Clark},
	title = {Magic wavelengths for optical cooling and trapping of lithium},
	year = {2012},}
@article{gehm,
	author = {Michael E. Gehm},
	title = {Properties of Lithium-6},
	year = {2003},}
	